@online{cohen,
	author = "Cohen, J.P. and Morrison, P. and Dao, L.",
	title = "Covid-19 image data collection",
	url = "https://github.com/ieee8023/covid-chestxray-dataset",
	addendum = "arXiv 2003.11597 (2020)",
	keywords = "covid image"
}

@online{bachir,
	author = "Bachir",
	title = "Detecting COVID-19 in X-ray images with TensorFlow",
	url = "https://www.kaggle.com/bachrr/detecting-covid-19-in-x-ray-images-with-tensorflow",
	addendum = "(2020)",
	keywords = "detect covid"
}

@online{mooney,
	author = "Mooney, P.",
	title = "Kaggle chest x-ray images (pneumonia) dataset",
	url = "https://www.kaggle.com/paultimothymooney/chest-xray-pneumonia",
	addendum = "(2018)",
	keywords = "pneumonia image"
}

@online{bachir_2,
	author = "Bachir",
	title = "COVID-19 chest x-ray dataset",
	url = "https://www.kaggle.com/bachrr/covid-chest-xray",
	addendum = "(2020)",
	keywords = "covid xray"
}

@article{mangal,
	author = "Mangal, A. and Kalia, S. and Rajgopal, H. and Rangarajan, K. and Namboodiri, V. and Banerjee, S. and Arora, C.",
	title = "CovidAID: COVID-19 Detection Using Chest X-Ray",
	year = "2020",
	keywords = "covidaid"
}

@online{zuraya,
	author = "Zuraya, N.",
	title = "Tiga Dampak Besar Pandemi Covid-19 bagi Ekonomi RI",
	url = "https://republika.co.id/berita/qdgt5p383/tiga-dampak-besar-pandemi-covid19-bagi-ekonomi-ri",
	addendum = "(2020)",
	keywords = "dampak"
}

@article{hinton,
	author = "Hinton, G. and Sabour, S. and Frosst, N.",
	title = "Dynamic Routing Between Capsules",
	year = "2017",
	keywords = "routing"
}

@article{hinton_2,
	author = "Hinton, G. and Krizhevsky, A. and Wang, S.",
	title = "Transforming Auto-encoders",
	keywords = "encoder"
}

@article{hossin,
	author = "Hossin, M. and Sulaiman, M.",
	title = "A Review on Evaluation Metrics for Data Classification Evaluations",
	journal = "International Journal of Data Mining and Knowledge Management Process (IJDKP)",
	volume = "5",
	number = "2",
	pages = "1-11",
	year = "2015"

}